<record><leader>00000cas a22000007a 4500</leader><controlfield tag="001">11911323</controlfield><controlfield tag="008">850412d18961906iauwr ne      0    0eng d</controlfield><datafield ind1=" " ind2=" " tag="010"><subfield code="a">sn 85049539 </subfield></datafield><datafield ind1=" " ind2=" " tag="040"><subfield code="a">INP</subfield><subfield code="b">eng</subfield><subfield code="c">INP</subfield><subfield code="d">OCLCQ</subfield></datafield><datafield ind1=" " ind2=" " tag="042"><subfield code="a">msc</subfield></datafield><datafield ind1="0" ind2=" " tag="130"><subfield code="a">Liberator (Collins, Iowa)</subfield></datafield><datafield ind1="1" ind2="4" tag="245"><subfield code="a">The Liberator.</subfield></datafield><datafield ind1="1" ind2="3" tag="246"><subfield code="a">Collins liberator</subfield><subfield code="f">1896-&lt;Dec. 31, 1903&gt;</subfield></datafield><datafield ind1=" " ind2=" " tag="260"><subfield code="a">Collins, Iowa :</subfield><subfield code="b">W.H. Secord,</subfield><subfield code="c">1896-</subfield></datafield><datafield ind1=" " ind2=" " tag="300"><subfield code="a">v. :</subfield><subfield code="b">ill.</subfield></datafield><datafield ind1=" " ind2=" " tag="310"><subfield code="a">Weekly</subfield></datafield><datafield ind1="0" ind2=" " tag="362"><subfield code="a">1st year, no. 1 (Apr. 23, 1896)-</subfield></datafield><datafield ind1="1" ind2=" " tag="362"><subfield code="a">Ceased in 1906.</subfield><subfield code="z">Cf. Bibl. of Iowa newspapers.</subfield></datafield><datafield ind1=" " ind2=" " tag="500"><subfield code="a">Editor: W.H. Secord, Apr. 23, 1896-&lt;Dec. 31, 1903&gt;.</subfield></datafield><datafield ind1=" " ind2=" " tag="752"><subfield code="a">United States</subfield><subfield code="b">Iowa</subfield><subfield code="c">Story</subfield><subfield code="d">Collins.</subfield></datafield><datafield ind1="0" ind2="7" tag="785"><subfield code="t">Collins clipper</subfield><subfield code="w">(DLC)sn 85049538</subfield></datafield><datafield ind1="0" ind2="7" tag="785"><subfield code="t">Collins gazette</subfield><subfield code="w">(DLC)sn 85049540</subfield></datafield><datafield ind1="1" ind2=" " tag="029"><subfield code="a">AU@</subfield><subfield code="b">000025841614</subfield></datafield></record>